@article{galceran2013survey,
  title={A survey on coverage path planning for robotics},
  author={Galceran, Enric and Carreras, Marc},
  journal={Robotics and Autonomous systems},
  volume={61},
  number={12},
  pages={1258--1276},
  year={2013},
  publisher={Elsevier}
}


@inproceedings{bormann2018indoor,
	title={Indoor coverage path planning: Survey, implementation, analysis},
	author={Bormann, Richard and Jordan, Florian and Hampp, Joshua and H{\"a}gele, Martin},
	booktitle={International Conference on Robotics and Automation (ICRA)},
	pages={1718--1725},
	year={2018},
	organization={IEEE}
}

@inproceedings{gabriely2002spiral,
	title={Spiral-STC: An on-line coverage algorithm of grid environments by a mobile robot},
	author={Gabriely, Yoav and Rimon, Elon},
	booktitle={Proceedings 2002 IEEE International Conference on Robotics and Automation (Cat. No. 02CH37292)},
	volume={1},
	pages={954--960},
	year={2002},
	organization={IEEE}
}

@inproceedings{dogru2017based,
	title={A*-based solution to the coverage path planning problem},
	author={Dogru, Sedat and Marques, Lino},
	booktitle={Iberian Robotics conference},
	pages={240--248},
	year={2017},
	organization={Springer}
}

@article{viet2013ba,
	title={BA*: an online complete coverage algorithm for cleaning robots},
	author={Viet, Hoang Huu and Dang, Viet-Hung and Laskar, Md Nasir Uddin and Chung, TaeChoong},
	journal={Applied intelligence},
	volume={39},
	number={2},
	pages={217--235},
	year={2013},
	publisher={Springer}
}

@inproceedings{zhang2019path,
	title={A Path Planning Strategy for Intelligent Sweeping Robots},
	author={Zhang, Hongmei and Hong, Wei and Chen, Mingjie},
	booktitle={International Conference on Mechatronics and Automation (ICMA)},
	pages={11--15},
	year={2019},
	organization={IEEE}
}

@inproceedings{englot2012sampling,
	title={Sampling-based sweep planning to exploit local planarity in the inspection of complex 3D structures},
	author={Englot, Brendan and Hover, Franz S},
	booktitle={International Conference on Intelligent Robots and Systems (IROS)},
	pages={4456--4463},
	year={2012},
	organization={IEEE}
}

@book{russell_artificial_2020,
	address = {Boston},
	title = {Artificial intelligence : a modern approach},
	isbn = {0-13-461099-7 978-0-13-461099-3},
	language = {English},
	publisher = {Pearson},
	author = {Russell, , Stuart J. and Norvig, , Peter},
	year = {2020}
}

@INPROCEEDINGS{terrainassessment,  
	author={Sakenas, Vytenis and Kosuchinas, Olegas and Pfingsthorn, Max and Birk, Andreas},  
	booktitle={2007 IEEE International Workshop on Safety, Security and Rescue Robotics},   
	title={Extraction of Semantic Floor Plans from 3D Point Cloud Maps},   
	year={2007},  
	volume={},  
	number={},  
	pages={1-6},  
	doi={10.1109/SSRR.2007.4381276}}

@article{octomap,
	author = {Hornung, Armin and Wurm, Kai and Bennewitz, Maren and Stachniss, Cyrill and Burgard, Wolfram},
	year = {2013},
	month = {04},
	pages = {},
	title = {OctoMap: An efficient probabilistic 3D mapping framework based on octrees},
	volume = {34},
	journal = {Autonomous Robots},
	doi = {10.1007/s10514-012-9321-0}
}

@article{python-tsp,
	author={Goulart, Felipe},
	year={2021},
	title = {Python TSP Solver},
	url = {https://github.com/fillipe-gsm/python-tsp}
}

@ARTICLE {jjeong-2019-ijrr,	
	AUTHOR = { Jinyong Jeong and Younggun Cho and Young-Sik Shin and Hyunchul Roh and Ayoung Kim },
	TITLE = { Complex Urban Dataset with Multi-level Sensors from Highly Diverse Urban Environments },	
	JOURNAL = { International Journal of Robotics Research },
	YEAR = { 2019 },
	VOLUME = { 38 },
	NUMBER = { 6 },	
	PAGES = { 642--657 },	
}

@inproceedings{bergstra2013making,
	title={Making a science of model search: Hyperparameter optimization in hundreds of dimensions for vision architectures},
	author={Bergstra, James and Yamins, Daniel and Cox, David},
	booktitle={International conference on machine learning},
	pages={115--123},
	year={2013},
	organization={PMLR}
}

@article{bergstra2011algorithms,
	title={Algorithms for hyper-parameter optimization},
	author={Bergstra, James and Bardenet, R{\'e}mi and Bengio, Yoshua and K{\'e}gl, Bal{\'a}zs},
	journal={Advances in neural information processing systems (NeurIPS)},
	volume={24},
	year={2011}
}

@article{bohannon1997comfortable,
	title={Comfortable and maximum walking speed of adults aged 20â€”79 years: reference values and determinants},
	author={Bohannon, Richard W},
	journal={Age and ageing},
	volume={26},
	number={1},
	pages={15--19},
	year={1997},
	publisher={Oxford University Press}
}

<<<<<<< HEAD
@inproceedings{sakenas2007extraction,
	title={Extraction of semantic floor plans from 3D point cloud maps},
	author={Sakenas, Vytenis and Kosuchinas, Olegas and Pfingsthorn, Max and Birk, Andreas},
	booktitle={2007 IEEE International Workshop on Safety, Security and Rescue Robotics},
	pages={1--6},
	year={2007},
	organization={IEEE}
}

@inproceedings{choset1998coverage,
	title={Coverage path planning: The boustrophedon cellular decomposition},
	author={Choset, Howie and Pignon, Philippe},
	booktitle={Field and service robotics},
	pages={203--209},
	year={1998},
	organization={Springer}
}

@article{miao2018scalable,
	title={Scalable coverage path planning for cleaning robots using rectangular map decomposition on large environments},
	author={Miao, Xu and Lee, Jaesung and Kang, Bo-Yeong},
	journal={IEEE Access},
	volume={6},
	pages={38200--38215},
	year={2018},
	publisher={IEEE}
}

@article{arkin2000approximation,
	title={Approximation algorithms for lawn mowing and milling},
	author={Arkin, Esther M and Fekete, S{\'a}ndor P and Mitchell, Joseph SB},
	journal={Computational Geometry},
	volume={17},
	number={1-2},
	pages={25--50},
	year={2000},
	publisher={Elsevier}
}

@article{schmid2020efficient,
	title={An efficient sampling-based method for online informative path planning in unknown environments},
	author={Schmid, Lukas and Pantic, Michael and Khanna, Raghav and Ott, Lionel and Siegwart, Roland and Nieto, Juan},
	journal={IEEE Robotics and Automation Letters},
	volume={5},
	number={2},
	pages={1500--1507},
	year={2020},
	publisher={IEEE}
}

@article{frey2017future,
	title={The future of employment: How susceptible are jobs to computerisation?},
	author={Frey, Carl Benedikt and Osborne, Michael A},
	journal={Technological forecasting and social change},
	volume={114},
	pages={254--280},
	year={2017},
	publisher={Elsevier}
}

@inproceedings{bormann2015new,
	title={New brooms sweep clean-an autonomous robotic cleaning assistant for professional office cleaning},
	author={Bormann, Richard and Hampp, Joshua and H{\"a}gele, Martin},
	booktitle={2015 IEEE International Conference on Robotics and Automation (ICRA)},
	pages={4470--4477},
	year={2015},
	organization={IEEE}
}
s
@article{oksanen2009coverage,
	title={Coverage path planning algorithms for agricultural field machines},
	author={Oksanen, Timo and Visala, Arto},
	journal={Journal of field robotics},
	volume={26},
	number={8},
	pages={651--668},
	year={2009},
	publisher={Wiley Online Library}
}
