


@article{jeong2019complex,
title={Complex urban dataset with multi-level sensors from highly diverse urban environments},
author={Jeong, Jinyong and Cho, Younggun and Shin, Young-Sik and Roh, Hyunchul and Kim, Ayoung},
journal={The International Journal of Robotics Research},
pages={0278364919843996},
year={2019},
publisher={SAGE Publications Sage UK: London, England}
}

@inproceedings{inwardsspiral,
author = {Zhang, Hongmei and Hong, Wei and Chen, Mingjie},
year = {2019},
month = {08},
pages = {11-15},
title = {A Path Planning Strategy for Intelligent Sweeping Robots},
doi = {10.1109/ICMA.2019.8816519}
}

@INPROCEEDINGS{1013479,
  author={Y. {Gabriely} and E. {Rimon}},
  booktitle={Proceedings 2002 IEEE International Conference on Robotics and Automation (Cat. No.02CH37292)}, 
  title={Spiral-STC: an on-line coverage algorithm of grid environments by a mobile robot}, 
  year={2002},
  volume={1},
  number={},
  pages={954-960 vol.1},
  doi={10.1109/ROBOT.2002.1013479}}
  
  @inproceedings{Zelinsky2007PlanningPO,
  title={Planning Paths of Complete Coverage of an Unstructured Environment by a Mobile Robot},
  author={A. Zelinsky and R. Jarvis and J. Byrne and S. Yuta},
  year={1993}
}
  
  @INPROCEEDINGS{7139818,
  author={R. {Bormann} and J. {Hampp} and M. {Hägele}},
  booktitle={2015 IEEE International Conference on Robotics and Automation (ICRA)}, 
  title={New brooms sweep clean - an autonomous robotic cleaning assistant for professional office cleaning}, 
  year={2015},
  volume={},
  number={},
  pages={4470-4477},
  doi={10.1109/ICRA.2015.7139818}}

@ARTICLE{1262545,
  author={S. X. {Yang} and C. {Luo}},
  journal={IEEE Transactions on Systems, Man, and Cybernetics, Part B (Cybernetics)}, 
  title={A neural network approach to complete coverage path planning}, 
  year={2004},
  volume={34},
  number={1},
  pages={718-724},
  doi={10.1109/TSMCB.2003.811769}}
  
  @INPROCEEDINGS{eriksurvey,
  author={R. {Bormann} and F. {Jordan} and J. {Hampp} and M. {Hägele}},
  booktitle={2018 IEEE International Conference on Robotics and Automation (ICRA)}, 
  title={Indoor Coverage Path Planning: Survey, Implementation, Analysis}, 
  year={2018},
  volume={},
  number={},
  pages={1718-1725},
  doi={10.1109/ICRA.2018.8460566}}

@article{mattiassurvey,
title = {A survey on coverage path planning for robotics},
journal = {Robotics and Autonomous Systems},
volume = {61},
number = {12},
pages = {1258-1276},
year = {2013},
issn = {0921-8890},
doi = {https://doi.org/10.1016/j.robot.2013.09.004},
url = {https://www.sciencedirect.com/science/article/pii/S092188901300167X},
author = {Enric Galceran and Marc Carreras},
}

@INPROCEEDINGS{robotbook,
    title = {Principles of Robot Motion : Theory, Algorithms, and Implementations},
    author = {Choset,  H. and  Lynch,  K. and  Hutchinson,  S. and  Kantor,G. and  Burgard,  W. and  Kavraki,  L.  and  Thrun,  S.},
    isbn = {9780262255912},
    series = {Intelligent Robotics and Autonomous Agents Ser.},
    year = {2005},
    pages = {161-174},
    publisher = {MIT Press}
}

@INPROCEEDINGS{7743548,

  author={S. {Bochkarev} and S. L. {Smith}},
  booktitle={2016 IEEE International Conference on Automation Science and Engineering (CASE)}, 
  title={On minimizing turns in robot coverage path planning},
  year={2016},
  volume={},
  number={},
  pages={1237-1242},
  doi={10.1109/COASE.2016.7743548}}


@article{THRUN199821,
title = {Learning metric-topological maps for indoor mobile robot navigation},
journal = {Artificial Intelligence},
volume = {99},
number = {1},
pages = {21-71},
year = {1998},
issn = {0004-3702},
doi = {https://doi.org/10.1016/S0004-3702(97)00078-7},
url = {https://www.sciencedirect.com/science/article/pii/S0004370297000787},
author = {Sebastian Thrun},

}

@INPROCEEDINGS{844726,  author={T. {Danner} and L. E. {Kavraki}},  booktitle={Proceedings 2000 ICRA. Millennium Conference. IEEE International Conference on Robotics and Automation. Symposia Proceedings (Cat. No.00CH37065)},   title={Randomized planning for short inspection paths},   year={2000},  volume={2},  number={},  pages={971-976 vol.2},  doi={10.1109/ROBOT.2000.844726}}

@article{Gonzalez,
author = {González-Banos, H.},
year = {2001},
month = {01},
pages = {232-240},
title = {A randomized art-gallery algorithm for sensor placement},
isbn = {1-58113-357-X},
journal = {Proc. 17th ACM Symp. Comp. Geom.},
doi = {10.1145/378583.378674}
}

@INPROCEEDINGS{6386126,
  author={B. {Englot} and F. S. {Hover}},
  booktitle={2012 IEEE/RSJ International Conference on Intelligent Robots and Systems}, 
  title={Sampling-based sweep planning to exploit local planarity in the inspection of complex 3D structures}, 
  year={2012},
  volume={},
  number={},
  pages={4456-4463},
  doi={10.1109/IROS.2012.6386126}}
  
 @article{applegate2000chained,
  title={Chained Lin-Kernighan for large traveling salesman problems},
  author={Applegate, David and Cook, William and e Rohe, Andr},
  year={2000}
}

@inproceedings{rrt,
author = {Lamiraux, Florent and Laumond, Jean-Paul},
year = {1996},
month = {05},
pages = {3014 - 3019 vol.4},
title = {On the expected complexity of random path planning},
volume = {4},
isbn = {0-7803-2988-0},
doi = {10.1109/ROBOT.1996.509170}
}

@inproceedings{3drandomsample,
author = {Englot, Brendan and Hover, Franz S.},
title = {Sampling-Based Coverage Path Planning for Inspection of Complex Structures},
year = {2012},
publisher = {AAAI Press},
booktitle = {Proceedings of the Twenty-Second International Conference on International Conference on Automated Planning and Scheduling},
pages = {29–37},
numpages = {9},
location = {Atibaia, S\~{a}o Paulo, Brazil},
series = {ICAPS'12}
}

@article{HAMEED201636,
title = {Side-to-side 3D coverage path planning approach for agricultural robots to minimize skip/overlap areas between swaths},
journal = {Robotics and Autonomous Systems},
volume = {76},
pages = {36-45},
year = {2016},
issn = {0921-8890},
doi = {https://doi.org/10.1016/j.robot.2015.11.009},
url = {https://www.sciencedirect.com/science/article/pii/S0921889015002973},
author = {I.A. Hameed and A. {la Cour-Harbo} and O.L. Osen},
}

@article{IntelligentHameed,
author = {Hameed, Ibrahim},
year = {2013},
month = {06},
pages = {},
title = {Intelligent Coverage Path Planning for Agricultural Robots and Autonomous Machines on Three-Dimensional Terrain},
volume = {74},
journal = {Journal of Intelligent & Robotic Systems},
doi = {10.1007/s10846-013-9834-6}
}

@article{juntangarablefarming,
author = {Jin, Jian and Tang, Lie},
title = {Coverage path planning on three-dimensional terrain for arable farming},
journal = {Journal of Field Robotics},
volume = {28},
number = {3},
pages = {424-440},
doi = {https://doi.org/10.1002/rob.20388},
url = {https://onlinelibrary.wiley.com/doi/abs/10.1002/rob.20388},
eprint = {https://onlinelibrary.wiley.com/doi/pdf/10.1002/rob.20388},
year = {2011}
}

@article{expertsai,
title={Experts predict how AI will look in 2030},
author={Alex Korolov},
year={2020},
url = {https://www.hypergridbusiness.com/2020/12/experts-predict-how-ai-will-look-in-2030/},
journal = {Hypergrid Business},
}

@inproceedings{astarapproach,
author = {Dogru, Sedat and Marques, Lino},
year = {2018},
month = {01},
pages = {240-248},
title = {A*-Based Solution to the Coverage Path Planning Problem},
isbn = {978-3-319-70832-4},
journal = {Advances in Intelligent Systems and Computing},
doi = {10.1007/978-3-319-70833-1_20}
}

@article{bastar,
author = {Viet, Hoang and Dang, Viet-Hung and Laskar, Md and Chung, TaeChoong},
year = {2013},
month = {09},
pages = {},
title = {BA: An online complete coverage algorithm for cleaning robots},
volume = {39},
journal = {Applied Intelligence},
doi = {10.1007/s10489-012-0406-4}
}

@article{resourcepkg,
author = {Python Software Foundation},
year = {2021},
title = {resource — Resource usage information},
url = {https://docs.python.org/3/library/resource.html},
}

@article{segmentiseplanar,
author = {Attene, Marco and Falcidieno, Bianca and Spagnuolo, Michela},
year = {2006},
month = {03},
pages = {181-193},
title = {Hierarchical mesh segmentation based on fitting primitives},
volume = {22},
journal = {The Visual Computer},
doi = {10.1007/s00371-006-0375-x}
}

@inproceedings{greedyalg,
author = {Wang, Pengpeng and Krishnamurti, Ramesh and Gupta, Kamal},
year = {2007},
month = {05},
pages = {1292 - 1297},
title = {Metric View Planning Problem with Traveling Cost and Visibility Range},
journal = {Proceedings - IEEE International Conference on Robotics and Automation},
doi = {10.1109/ROBOT.2007.363163}
}

@article{JOHNSON1974256,
title = {Approximation algorithms for combinatorial problems},
journal = {Journal of Computer and System Sciences},
volume = {9},
number = {3},
pages = {256-278},
year = {1974},
issn = {0022-0000},
doi = {https://doi.org/10.1016/S0022-0000(74)80044-9},
url = {https://www.sciencedirect.com/science/article/pii/S0022000074800449},
author = {David S. Johnson},
}

@ARTICLE{Helsgaun00aneffective,
author = {Keld Helsgaun},
title = {An Effective Implementation of the Lin-Kernighan Traveling Salesman Heuristic},
journal = {European Journal of Operational Research},
year = {2000},
volume = {126},
pages = {106--130}
}

@article{rrt,
author = {Steven M. LaValle and James J. Kuffner, Jr.},
title ={Randomized Kinodynamic Planning},
journal = {The International Journal of Robotics Research},
volume = {20},
number = {5},
pages = {378-400},
year = {2001},
doi = {10.1177/02783640122067453},
URL = { 
        https://doi.org/10.1177/02783640122067453
},
eprint = { 
        https://doi.org/10.1177/02783640122067453
}
}

@INPROCEEDINGS{terrainassessment,  
author={Sakenas, Vytenis and Kosuchinas, Olegas and Pfingsthorn, Max and Birk, Andreas},  
booktitle={2007 IEEE International Workshop on Safety, Security and Rescue Robotics},   
title={Extraction of Semantic Floor Plans from 3D Point Cloud Maps},   
year={2007},  
volume={},  
number={},  
pages={1-6},  
doi={10.1109/SSRR.2007.4381276}}

@article{octomap,
author = {Hornung, Armin and Wurm, Kai and Bennewitz, Maren and Stachniss, Cyrill and Burgard, Wolfram},
year = {2013},
month = {04},
pages = {},
title = {OctoMap: An efficient probabilistic 3D mapping framework based on octrees},
volume = {34},
journal = {Autonomous Robots},
doi = {10.1007/s10514-012-9321-0}
}

@article{python-tsp,
author={Goulart, Felipe},
year={2021},
title = {Python TSP Solver},
url = {https://github.com/fillipe-gsm/python-tsp}
}